@article{burch1992symbolic,
  title={Symbolic model checking: 1020 states and beyond},
  author={Burch, Jerry R and Clarke, Edmund M and McMillan, Kenneth L and Dill, David L and Hwang, Lain-Jinn},
  journal={Information and computation},
  volume={98},
  number={2},
  pages={142--170},
  year={1992},
  publisher={Elsevier}
}

@article{holzmann1997model,
  title={The model checker SPIN},
  author={Holzmann, Gerard J.},
  journal={IEEE Transactions on software engineering},
  volume={23},
  number={5},
  pages={279--295},
  year={1997},
  publisher={IEEE}
}

@inproceedings{de2004sal,
  title={SAL 2},
  author={De Moura, Leonardo and Owre, Sam and Rue{\ss}, Harald and Rushby, John and Shankar, Natarajan and Sorea, Maria and Tiwari, Ashish},
  booktitle={International Conference on Computer Aided Verification},
  pages={496--500},
  year={2004},
  organization={Springer}
}
@incollection{mcmillan1993smv,
  title={The SMV system},
  author={McMillan, Kenneth L},
  booktitle={Symbolic Model Checking},
  pages={61--85},
  year={1993},
  publisher={Springer}
}

@inproceedings{cimatti1999nusmv,
  title={NuSMV: A new symbolic model verifier},
  author={Cimatti, Alessandro and Clarke, Edmund and Giunchiglia, Fausto and Roveri, Marco},
  booktitle={International conference on computer aided verification},
  pages={495--499},
  year={1999},
  organization={Springer}
}
@inproceedings{clarke2002tree,
  title={Tree-like counterexamples in model checking},
  author={Clarke, Edmund and Jha, Somesh and Lu, Yuan and Veith, Helmut},
  booktitle={Logic in Computer Science, 2002. Proceedings. 17th Annual IEEE Symposium on},
  pages={19--29},
  year={2002},
  organization={IEEE}
}
@article{boroday2007can,
  title={Can a model checker generate tests for non-deterministic systems?},
  author={Boroday, Sergiy and Petrenko, Alexandre and Groz, Roland},
  journal={Electronic Notes in Theoretical Computer Science},
  volume={190},
  number={2},
  pages={3--19},
  year={2007},
  publisher={Elsevier}
}

@article{benveniste1991synchronous,
  title={Synchronous programming with events and relations: the SIGNAL language and its semantics},
  author={Benveniste, Albert and Le Guernic, Paul and Jacquemot, Christian},
  journal={Science of computer programming},
  volume={16},
  number={2},
  pages={103--149},
  year={1991},
  publisher={Elsevier}
}

@inproceedings{gargantini1999using,
  title={Using model checking to generate tests from requirements specifications},
  author={Gargantini, Angelo and Heitmeyer, Constance},
  booktitle={ACM SIGSOFT Software Engineering Notes},
  volume={24},
  number={6},
  pages={146--162},
  year={1999},
  organization={Springer-Verlag}
}